@ONLINE{ubuntu,
author  = {Ubuntu community},
title   = {Ubuntu wiki},
year    = {2012},
url     = {https://wiki.ubuntu.com/}
}

@ONLINE{iptables,
author = {The netfilter core team},
title  = {The netfilter.org "iptables" project},
year   = {2012},
url    = {http://www.netfilter.org/projects/iptables/index.html}
}

@ONLINE{4g,
author  = {Tribler team},
title   = {4th Generation of P2P},
year    = {2012},
url     = {http://www.tribler.org/trac/wiki/4thGenerationP2P}
}

@Article{dispersy,
author  = {Boudewijn Schoon},
title   = {Dispersy: Distributed Permission System},
year    = {2010},
url     = {http://www.scribd.com/doc/81170037/Boudewijn-Dispersy-Documentation-DRAFT-2010}
}

@Article{dht,
author  = {Aaron Kaluszka},
title   = {Distributed Hash Tables},
year    = {2010},
month   = {April},
}

@ONLINE{SamyGO,
author  = {SamyGO community},
title   = {SamyGO},
year    = {2012},
url     = {http://www.samygo.tv/}
}

@ONLINE{qemu,
author  = {QEMU community},
title   = {QEMU wiki},
year    = {2012},
url     = {http://wiki.qemu.org/Main_Page}
}

@ONLINE{arm,
author  = {ARM Holdings},
title   = {ARM},
year    = {2012},
url     = {http://www.arm.com/}
}

@ONLINE{swift,
author  = {Dr. Ir. J.A. Pouwelse and Dr. V. Grischenko and A. Bakker},
title   = {Swift, the multiparty transport protocol},
year    = {2012},
url     = {http://libswift.org/}
}

@ONLINE{qemu-network,
author  = {P. Shetty},
title   = {QEMU TAP network setup},
year    = {2012},
url     = {http://technology-shettyprasad.blogspot.nl/2009/01/qemu-tap-network-setup.html}
}

@article {tribler,
author = {Pouwelse, J. A. and Garbacki, P. and Wang, J. and Bakker, A. and Yang, J. and Iosup, A. and Epema, D. H. J. and Reinders, M. and van Steen, M. R. and Sips, H. J.},
title = {TRIBLER: a social-based peer-to-peer system},
journal = {Concurrency and Computation: Practice and Experience},
volume = {20},
number = {2},
publisher = {John Wiley & Sons, Ltd.},
issn = {1532-0634},
url = {http://dx.doi.org/10.1002/cpe.1189},
doi = {10.1002/cpe.1189},
pages = {127--138},
keywords = {peer-to-peer, social-based, taste buddies},
year = {2008},
}
